@article{Oshanin1993803,
title = "Behavior of transport characteristics in several one-dimensional disordered systems ",
journal = "Chemical Physics ",
volume = "177",
number = "3",
pages = "803 - 819",
year = "1993",
note = "",
issn = "0301-0104",
doi = "http://dx.doi.org/10.1016/0301-0104(93)85043-8",
url = "http://www.sciencedirect.com/science/article/pii/0301010493850438",
author = "G. Oshanin and S.F. Burlatsky and M. Moreau and B. Gaveau"
}

